@article{one_law,
  author  = {Higman, Graham and Neumann, B.~H.},
  title   = {Groups as groupoids with one law},
  journal = {Publicationes Mathematicae Debrecen},
  year    = 1952,
  pages   = "215--221"
}
